% Encoding: UTF-8

@article{ng2002spectral,
  title={On spectral clustering: Analysis and an algorithm},
  author={Ng, Andrew Y and Jordan, Michael I and Weiss, Yair and others},
  journal={Advances in neural information processing systems},
  volume={2},
  pages={849--856},
  year={2002},
  publisher={MIT; 1998}
}

@comment{jabref-meta: selector_publisher:}

@comment{jabref-meta: selector_author:}

@comment{jabref-meta: selector_journal:}

@comment{jabref-meta: selector_keywords:}

