% DO NOT DELETE This File!!!

% encoding: UTF-8

% empty file

@inproceedings{Lin:2012:CDI:2187836.2187883,
 author = {Lin, Wangqun and Kong, Xiangnan and Yu, Philip S. and Wu, Quanyuan and Jia, Yan and Li, Chuan},
 title = {Community detection in incomplete information networks},
 booktitle = {Proceedings of the 21st international conference on World Wide Web},
 series = {WWW '12'},
 year = {2012},
 isbn = {978-1-4503-1229-5},
 location = {Lyon, France},
 pages = {341--350},
 numpages = {10},
 url = {http://doi.acm.org/10.1145/2187836.2187883},
 doi = {10.1145/2187836.2187883},
 acmid = {2187883},
 publisher = {ACM},
 address = {New York, NY, USA},
 keywords = {community detection, distance metric learning, incomplete information networks},
} 

@inproceedings{Huang:2010:SSC:1871437.1871469,
 author = {Huang, Jianbin and Sun, Heli and Han, Jiawei and Deng, Hongbo and Sun, Yizhou and Liu, Yaguang},
 title = {SHRINK: a structural clustering algorithm for detecting hierarchical communities in networks},
 booktitle = {Proceedings of the 19th ACM international conference on Information and knowledge management},
 series = {CIKM '10'},
 year = {2010},
 isbn = {978-1-4503-0099-5},
 location = {Toronto, ON, Canada},
 pages = {219--228},
 numpages = {10},
 url = {http://doi.acm.org/10.1145/1871437.1871469},
 doi = {10.1145/1871437.1871469},
 acmid = {1871469},
 publisher = {ACM},
 address = {New York, NY, USA},
 keywords = {graph clustering, hierarchical community discovery, hubs and outliers},
} 

@inproceedings{kim2011network,
  title={The network completion problem: Inferring missing nodes and edges in networks},
  author={Kim, Myunghwan and Leskovec, Jure},
  booktitle={Proceedings of the SIAM International Conference on Data Mining},
  year={2011}
}

@article{xing2002distance,
  title={Distance metric learning, with application to clustering with side-information},
  author={Xing, Eric P and Ng, Andrew Y and Jordan, Michael I and Russell, Stuart},
  journal={Advances in neural information processing systems},
  volume={15},
  pages={505--512},
  year={2002}
}

@inproceedings{hoi2006learning,
  title={Learning distance metrics with contextual constraints for image retrieval},
  author={Hoi, Steven CH and Liu, Wei and Lyu, Michael R and Ma, Wei-Ying},
  booktitle={Computer Vision and Pattern Recognition, 2006 IEEE Computer Society Conference on},
  volume={2},
  pages={2072--2078},
  year={2006},
  organization={IEEE}
}

@article{bar2006learning,
  title={Learning a mahalanobis metric from equivalence constraints},
  author={Bar-Hillel, Aharon and Hertz, Tomer and Shental, Noam and Weinshall, Daphna},
  journal={Journal of Machine Learning Research},
  volume={6},
  number={1},
  pages={937},
  year={2006},
  publisher={THE MIT PRESS}
}

@inproceedings{bortner2010progressive,
  title={Progressive clustering of networks using structure-connected order of traversal},
  author={Bortner, Dustin and Han, Jiawei},
  booktitle={Data Engineering (ICDE), 2010 IEEE 26th International Conference on},
  pages={653--656},
  year={2010},
  organization={IEEE}
}

@inproceedings{ester1996density,
  title={A density-based algorithm for discovering clusters in large spatial databases with noise},
  author={Ester, Martin and Kriegel, Hans-Peter and Sander, J{\"o}rg and Xu, Xiaowei},
  year={1996},
  organization={Kdd}
}

@article{newman2004finding,
  title={Finding and evaluating community structure in networks},
  author={Newman, Mark EJ and Girvan, Michelle},
  journal={Physical review E},
  volume={69},
  number={2},
  pages={026113},
  year={2004},
  publisher={APS}
}

@inproceedings{xu2007scan,
  title={SCAN: a structural clustering algorithm for networks},
  author={Xu, Xiaowei and Yuruk, Nurcan and Feng, Zhidan and Schweiger, Thomas AJ},
  booktitle={Proceedings of the 13th ACM SIGKDD international conference on Knowledge discovery and data mining},
  pages={824--833},
  year={2007},
  organization={ACM}
}

@inproceedings{aggarwal2011towards,
  title={Towards Community Detection in Locally Heterogeneous Networks},
  author={Aggarwal, Charu C and Xie, Yan and Philip, S Yu},
  booktitle={Proceedings of the 11th SIAM International Conference on Data Mining (SDM 2011)},
  year={2011}
}
