% encoding=utf8

@book{mclachlan2004discriminant,
  title={Discriminant analysis and statistical pattern recognition},
  author={McLachlan, Geoffrey J},
  volume={544},
  year={2004},
  publisher={Wiley-Interscience}
}

@article{ng2002spectral,
  title={On spectral clustering: Analysis and an algorithm},
  author={Ng, Andrew Y and Jordan, Michael I and Weiss, Yair and others},
  journal={Advances in neural information processing systems},
  volume={2},
  pages={849--856},
  year={2002},
  publisher={MIT; 1998}
}

@book{tan2007introduction,
  title={Introduction to data mining},
  author={Tan, Pang-Ning and others},
  year={2007},
  publisher={Pearson Education India}
}

@book{han2006data,
  title={Data mining: concepts and techniques},
  author={Han, Jiawei and Kamber, Micheline and Pei, Jian},
  year={2006},
  publisher={Morgan kaufmann}
}
